@article{Ferguson2004,
author = {Ferguson, R. I. and Church, M.},
doi = {10.1306/051204740933},
file = {:Users/thomashilke/Documents/litterature/Ferguson, Church - 2004 - A simple universal equation for grain sett\
ling velocity.pdf:pdf},
isbn = {1527-1404},
issn = {1527-1404},
journal = {Journal of Sedimentary Research},
number = {6},
pages = {933--937},
title = {{A simple universal equation for grain settling velocity}},
volume = {74},
year = {2004}
}
