@article{Apfelbaum2003,
author = {Apfel'baum, E. M.},
doi = {10.1023/A:1025155614716},
file = {:home/foetisch/documents/Mendeley Desktop/Apfel - 2003 - Calculation of the Electrical Conductivity of Liquid Aluminum , Copper , and Molybdenum.pdf:pdf},
issn = {0018151X},
journal = {High Temperature},
number = {4},
pages = {466--471},
title = {{Calculation of the Electrical Conductivity of Liquid Aluminum, Copper, and Molybdenum}},
volume = {41},
year = {2003}
}
