@incollection{Bojarevics2014,
  title={MHD stability for irregular and disturbed aluminium reduction cells},
  author={Bojarevics, V. and Sira, S.},
  booktitle={Light Metals 2014},
  pages={685--690},
  year={2014},
  publisher={Springer}
}