@incollection{Bojarevics2015,
  title={Mathematical modelling of Hall-H{\'e}roult pot instability and verification by measurements of anode current distribution},
  author={Bojarevics, Valdis and Evans, James W},
  booktitle={Light Metals 2015},
  pages={783--788},
  year={2015},
  publisher={Springer}
}