@book{Boyer2013,
title="Mathematical {T}ools for the {S}tudy of the {I}ncompressible {N}avier-{S}tokes {E}quations and {R}elated {M}odels",
author="F. Boyer and P.Fabrie",
series="Applied {M}athematical {S}ciences",
volume="183",
publisher="Springer",
year="2013"
}
