@phdthesis{Dassylva2015,
author = {Dassylva-Raymond, Véronique},
file = {:home/foetisch/documents/Mendeley Desktop/Dassylva-Raymond - 2015 - Analyse et Modelisation du Comportement des agregats d'alumine dans le procede Hall-Heroult.pdf:pdf},
title = {{Analyse et Modélisation du Comportement des agrégats d'alumine dans le procédé Hall-Héroult}},
year = {2015}
}
