@article{Descloux2,
author = {Descloux, Jean and Flueck, Michel and Romerio, M.V.},
year = {1991},
month = {01},
pages = {107-110},
title = {Modelling for instabilities in Hall-Heroult cells: Mathematical and numerical aspects},
booktitle = {Magnetohydrodynamics in Process Metallurgy}
}
