@book{Descloux1,
author = {Descloux, Jean and Flueck, Michel and Romerio, M.V.},
year = {1998},
month = {01},
pages = {},
title = {A modelling of the stability of electrolysis cells},
isbn = {0 582 36926 6}
}
