@article{Descloux1991,
author = {Descloux, J. and Flueck, M. and Romerio, M. V.},
year = {1991},
month = {01},
pages = {107-110},
title = {Modelling for instabilities in Hall-Heroult cells: Mathematical and numerical aspects},
journal = {Magnetohydrodynamics in Process Metallurgy}
}
