@article{Descloux1998,
  title={A modelling of the stability of aluminium electrolysis cells},
  author={Descloux, J and Flueck, M and Romerio, MV},
  journal={PITMAN RESEARCH NOTES IN MATHEMATICS SERIES},
  pages={117--133},
  year={1998},
  publisher={LONGMAN SCIENTIFIC \& TECHNICAL}
}