@article{Fini2017,
author = {Fini, M. F. and Soucy, G. and D{\'{e}}silets, M. and Pelletier, P. and Lombard, D. and Rivoaland, L.},
file = {:home/foetisch/documents/Mendeley Desktop/Fini et al. - 2017 - Sludge Formation in Hall H{\'{e}}roult Process An Existing Problem.pdf:pdf},
journal = {35th International ICSOBA Conference},
keywords = {alumina feeding strategy,bath chemistry and operational,hall h{\'{e}}roult process,hydrodynamics,sludge formation,temperature},
pages = {987--996},
title = {{Sludge Formation in Hall H{\'{e}}roult Process : An Existing Problem}},
year = {2017}
}
