@phdthesis{Flotron2013,
author = {Flotron, St{\'{e}}phane},
file = {:home/foetisch/documents/Mendeley Desktop/Flotron - 2013 - Simulations num{\'{e}}riques de ph{\'{e}}nom{\`{e}}nes MHD-thermiques avec interface libre dans l'{\'{e}}lectrolyse de l'aluminium.pdf:pdf},
title = {{Simulations num{\'{e}}riques de ph{\'{e}}nom{\`{e}}nes MHD-thermiques avec interface libre dans l'{\'{e}}lectrolyse de l'aluminium}},
url = {http://infoscience.epfl.ch/record/186845/files/EPFL{\_}TH5738.pdf},
volume = {5738},
year = {2013}
}
