@article{flotron2013b,
  title={Conservation schemes for convection-diffusion equations with Robin boundary conditions∗∗∗},
  author={Flotron, St{\'e}phane and Rappaz, Jacques},
  journal={ESAIM: Mathematical Modelling and Numerical Analysis},
  volume={47},
  number={6},
  pages={1765--1781},
  year={2013},
  publisher={EDP Sciences}
}