@article{Gerbeau2003,
  title={Simulations of MHD flows with moving interfaces},
  author={Gerbeau, J.-F. and Leli{\`e}vre, T. and Le Bris, C.},
  journal={Journal of Computational Physics},
  volume={184},
  number={1},
  pages={163--191},
  year={2003},
  publisher={Elsevier}
}