@article{Gerlach1975,
author = {Gerlach, J and Hennig, U and Kern, K},
file = {:home/foetisch/documents/Mendeley Desktop/Gerlach, Hennig, Kern - 1975 - The dissolution of aluminum oxide in cryolite melts.pdf:pdf},
journal = {Metallurgical and Materials Transactions B},
number = {March},
pages = {6--9},
title = {{The dissolution of aluminum oxide in cryolite melts}},
url = {http://link.springer.com/article/10.1007/BF02825681},
volume = {6},
year = {1975}
}
