@book{Girault1986,
title="Finite Element Methods for Navier-Stokes Equations",
author ="V. Girault and P.-A. Raviart",
series = "Springer Series in Computational Mathematics",
volume="5",
publisher="Springer",
year="1986"
}
