@phdthesis{Gremaud1991,
author = {Gremaud, Pierre-Alain and Rappaz, Jacques},
file = {:home/foetisch/documents/Mendeley Desktop/Gremaud, Rappaz - 1991 - Analyse Num{\'{e}}rique de Probl{\`{e}}mes de Changements de Phase li{\'{e}}s {\`{a}} des Ph{\'{e}}nom{\`{e}}nes de Solidification.pdf:pdf},
title = {{Analyse Num{\'{e}}rique de Probl{\`{e}}mes de Changements de Phase li{\'{e}}s {\`{a}} des Ph{\'{e}}nom{\`{e}}nes de Solidification}},
url = {http://biblion.epfl.ch/EPFL/theses/1991/941/941{\_}abs.pdf},
year = {1991}
}
