@book{grjotheim1977aluminium,
  title={Aluminium Electrolysis: The Chemistry of the Hall-H{\'e}roult Process},
  author={Grjotheim, K.},
  isbn={9783870171292},
  lccn={77372003},
  url={https://books.google.ch/books?id=d7rlJnOreVcC},
  year={1977},
  publisher={Aluminium-Verlag}
}
