@article{Grotheim1993,
  title={Introduction to Aluminium Electrolysis-Understanding the Hall-Heroult Process},
  author={Grotheim, K and Kvande, H},
  journal={Aluminium-Verlag. Dusseldorf},
  volume={232},
  pages={232},
  year={1993}
}