@article{Haupin1995,
author = {Haupin, Warren E.},
doi = {10.1002/9781118359259},
file = {:home/foetisch/documents/Mendeley Desktop/Haupin - 1995 - Principles of aluminium electrolysis.pdf:pdf},
isbn = {9781118359259},
journal = {Light Metals},
pages = {3--11},
title = {{Principles of aluminium electrolysis}},
year = {1995}
}
