@article{Haverkamp1994,
author = {Haverkamp, R.G.  and Welch, B.J. and Metson, J.B.},
title = {{The Influence of Fluorination on the Dissolution Rate of Alumina in Smelter Electrolyte}},
journal = {Light Metals},
pages = {365--370},
year = {1994}
}
