@Book{HillStefanProblems,
title = { One-dimensional Stefan problems : an introduction },
author = { Hill, J. M. },
publisher = { Harlow, Essex, England : Longman Scientific \& Technical ; New York, NY : Wiley },
year = { 1987 },
type = { Book },
isbn = { 0470203889 },
subjects = { Variational principles; Boundary value problems; Differential equations, Parabolic; Heat -- Conduction; Boundary value problems Solution Variational methods },
language = { English },
note = { Includes index },
contents = { Includes citation index },
catalogue-url = { https://trove.nla.gov.au/work/19280228 }
}
