@phdthesis{Hofer2011,
author = {Hofer, Thomas},
file = {:home/foetisch/documents/Mendeley Desktop/Hofer - 2011 - Numerical Simulation and Optimization of the Alumina Distribution in an Aluminium Electrolysis Pot.pdf:pdf},
title = {{Numerical Simulation and Optimization of the Alumina Distribution in an Aluminium Electrolysis Pot}},
volume = {5023},
year = {2011}
}
