@online{Hydro2018,
author = {{Norsk Hydro ASA}},
title = {Bauxite mining},
year = {2018},
url = {https://www.hydro.com/en/about-aluminium/Aluminium-life-cycle/Bauxite-mining/}
}
