@article{Kvande1986,
author = {Kvande, H.},
file = {:home/foetisch/documents/Mendeley Desktop/Kvande - 1986 - The structure of alumina dissolved in cryolite melts.pdf:pdf},
journal = {Light Metals},
pages = {96--104},
title = {{The structure of alumina dissolved in cryolite melts}},
year = {1986}
}
