@book{Landau1987,
title={Fluid Mechanics},
author={L. D. Landau and E. M. Lifshitz},
year={1987},
publisher={Pergamon Press},
edition={Second English Edition, revised},
number={6},
series={Course of Theoretical Physics}
}


