@article{Moreau1986,
author = {Moreau, R. J. and Ziegler, D.},
file = {:home/foetisch/documents/Mendeley Desktop/Moreau, Ziegler - 1986 - Stability of Aluminium cells - A New Approach.pdf:pdf},
journal = {Light Metals},
pages = {336--341},
title = {{Stability of Aluminium cells - A New Approach}},
year = {1986}
}
