@article{Munger2004,
  title={Simulation num{\'e}rique des instabilit{\'e}s magn{\'e}tohydrodynamiques dans les cuves de production de l'aluminium},
  author={Munger, David},
  year={2004}
}