@phdthesis{Ostbo2002,
author = {{\O}stb{\o}, NP},
file = {:home/foetisch/documents/Mendeley Desktop/{\O}stb{\o} - 2002 - Evolution of alpha phase alumina in agglomerates upon addition to cryolitic melts.pdf:pdf},
pages = {252},
school = {Norwegian University of Science and Technology},
title = {{Evolution of alpha phase alumina in agglomerates upon addition to cryolitic melts}},
url = {http://www.diva-portal.org/smash/record.jsf?pid=diva2:121816},
year = {2002}
}
