@phdthesis{Pain2006,
author = {Pain, S.},
file = {:home/foetisch/documents/Mendeley Desktop/Pain - 2006 - Simulation numerique du mouvement des fluides dans une cellule de Hall-Heroult.pdf:pdf},
title = {{Simulation numerique du mouvement des fluides dans une cellule de Hall-Heroult}},
year = {2006}
}
