@phdthesis{Patterson2001,
author = {Patterson, Edwin Campbell},
file = {:home/foetisch/documents/Mendeley Desktop/Patterson - 2001 - Fluoride Emissions from Aluminium Electrolysis Cells.pdf:pdf},
title = {{Fluoride Emissions from Aluminium Electrolysis Cells}},
year = {2001}
}
