@book{Pironneau1989,
  title={Finite element methods for fluids},
  author={Pironneau, O.},
  year={1989},
  publisher={Wiley Chichester}
}
