@article{Pironneau1992,
author = {Pironneau, O},
file = {:Users/thomashilke/Documents/litterature/Pironneau - 1992 - Characteristic-Galerkin and Galerkin least-squares space-time formulations for the advection- diffusion equation wit.pdf:pdf},
pages = {117--141},
title = {{Characteristic-Galerkin and Galerkin / least-squares space-time formulations for the advection- diffusion equation with time-dependent domains}},
volume = {100},
year = {1992}
}
