@book{Quarteroni2008,
 author = {Quarteroni, A. M. and Valli, A.},
 title = {Numerical Approximation of Partial Differential Equations},
 year = {2008},
 isbn = {3540852670, 9783540852674},
 edition = {1st ed. 1994. 2nd printing},
 publisher = {Springer Publishing Company, Incorporated},
}
