@online{RiotintoAP30,
author={{Rio Tinto Alcan}},
title={AP Technology\texttrademark - AP30/AP40 The world's benchmark reduction technologies},
year={2018},month = jan,
%url={https://www.ap-technology.com/SitePages/Products/ap3040.aspx}
url={https://www.ap-technology.com/SiteCollectionDocuments/AP_Factsheet_AP30-AP40.pdf}
}
