@phdthesis{Rochat2016,
author = {Rochat, J.},
file = {:home/foetisch/documents/Mendeley Desktop/Rochat - 2016 - Approximation num{\'{e}}rique des {\'{e}}coulements turbulents dans des cuves d'{\'{e}}lectrolyse de l'aluminium.pdf:pdf},
title = {{Approximation num{\'{e}}rique des {\'{e}}coulements turbulents dans des cuves d'{\'{e}}lectrolyse de l'aluminium}},
year = {2016}
}
