@Book{Rubenstein1971,
title = {The Stefan Problem},
author = {Rubenstein, L. I.},
address = {Providence, R. I.},
publisher = {American Mathematical Society},
year = {1971}
}
