@phdthesis{Safa2005,
author = {Safa, Yasser},
file = {:home/foetisch/documents/Mendeley Desktop/Safa - 2005 - Thermiques Et Magn{\'{e}}thohydrodynamiques Dans Une Cellule De Hall-H{\'{e}}roult.pdf:pdf},
title = {{Thermiques Et Magn{\'{e}}thohydrodynamiques Dans Une Cellule De Hall-H{\'{e}}roult}},
volume = {3185},
year = {2005}
}
