@article{Skybakmoen1997,
author = {Skybakmoen, Egil and Solheim, Asbj{\o}rn and Sterten, {\AA}smund},
doi = {10.1007/s11663-997-0129-9},
file = {:home/foetisch/documents/Mendeley Desktop/Skybakmoen, Solheim, Sterten - 1997 - Alumina solubility in molten salt systems of interest for aluminum electrolysis and related phase.pdf:pdf},
issn = {1073-5615},
journal = {Metallurgical and Materials Transactions B},
number = {1},
pages = {81--86},
title = {{Alumina solubility in molten salt systems of interest for aluminum electrolysis and related phase diagram data}},
url = {http://link.springer.com/10.1007/s11663-997-0129-9},
volume = {28},
year = {1997}
}
