@article{Sneyd1985,
author = {Sneyd, A. D.},
doi = {10.1017/S0022112085002063},
file = {:home/foetisch/documents/Mendeley Desktop/Sneyd - 1985 - Stability of fluid layers carrying a normal electric current.pdf:pdf},
issn = {00221120},
journal = {Journal of Fluid Mechanics},
pages = {223--236},
title = {{Stability of fluid layers carrying a normal electric current}},
volume = {156},
year = {1985}
}
