@article{Solheim1995,
author = {Solheim, A. and Rolseth, S. and Skybakmoen, E. and StÂ¢en, L.},
file = {:home/foetisch/documents/Mendeley Desktop/Solheim et al. - 1995 - Light Metals.pdf:pdf},
journal = {Light Metals},
pages = {73-82},
title = {Liquidus temperature and alumina solubility in the system \ce{Na3AlF6}-\ce{Alf3}-\ce{LiF}-\ce{CaF2}-\ce{MgF2}},
url = {https://books.google.com/books?id=A9jFAgAAQBAJ{\&}pgis=1},
year = {1995}
}
