@phdthesis{Steiner2009,
author = {Steiner, Gilles},
file = {:home/foetisch/documents/Mendeley Desktop/Steiner - 2009 - Simulation num{\'{e}}rique de ph{\'{e}}nom{\`{e}}nes MHD Application {\`{a}} l'{\'{e}}lectrolyse de l'aluminium.pdf:pdf},
title = {{Simulation num{\'{e}}rique de ph{\'{e}}nom{\`{e}}nes MHD : Application {\`{a}} l'{\'{e}}lectrolyse de l'aluminium}},
year = {2009}
}
