@book{Temam1977,
title = "{N}avier-{S}tokes {E}quations : {T}heory and {N}umerical {A}nalysis",
author = "R.Temam",
publisher="North-Holland",
year="1977"
}
