@report{USGS2015,
author = {E. Lee Bray},
title = {2015 Minerals Yearbook},
type = {Rapport d'activit√©},
institution = {U.S. Geological Survey},
year = {2017},
url = {https://minerals.usgs.gov/minerals/pubs/commodity/bauxite/myb1-2015-bauxi.pdf}
% url = {https://minerals.usgs.gov/minerals/pubs/mcs/}
% url = {https://minerals.usgs.gov/minerals/pubs/commodity/bauxite/index.html#mcs}
}
