@article{Wang1999,
author = {Wang, J. and Flanagan, D.R.},
file = {:home/foetisch/documents/Mendeley Desktop/Wang, Flanagan - 1999 - General solution for diffusion‐controlled dissolution of spherical particles. 1. Theory.pdf:pdf},
isbn = {3193358827},
journal = {Journal of pharmaceutical sciences},
number = {7},
pages = {731--738},
title = {{General solution for diffusion‐controlled dissolution of spherical particles. 1. Theory}},
url = {http://onlinelibrary.wiley.com/doi/10.1021/js980236p/abstract},
volume = {88},
year = {1999}
}
