@article{Wang1992,
author = {Wang, Xiangwen and Peterson, Ray D. and Tabereaux, Alton T.},
file = {:home/foetisch/documents/Mendeley Desktop/Wang, Peterson, Tabereaux - 1992 - Electrical conductivity of cryolite melts.pdf:pdf},
journal = {Light Metals},
pages = {57--64},
title = {{Electrical conductivity of cryolite melts}},
year = {1992}
}
