@article{Yagoubi1990,
author = {Yagoubi, M and Bertaud, Y and Castanet, R},
file = {:home/foetisch/documents/Mendeley Desktop/Yagoubi, Bertaud, Castanet - 1990 - Etude calorimetrique de l'enthalpie de dissolution d'alumines industrielles dans des bains cryolithi.pdf:pdf},
journal = {Journal of Thermal Analysis and {\ldots}},
title = {{Etude calorimetrique de l'enthalpie de dissolution d'alumines industrielles dans des bains cryolithiques}},
url = {http://www.akademiai.com/index/t2180hw4312210j5.pdf},
year = {1990}
}
