@article{Haverkamp1998,
author = {Haverkamp, RG and Welch, BJ},
file = {:Users/thomashilke/Documents/litterature/Haverkamp, Welch - 1998 - Modelling the dissolution of alumina powder in cryolite.pdf:pdf},
journal = {Chemical Engineering and Processing: Process {\ldots}},
keywords = {alumina powder,diffusion,heat transfer},
number = {April 1997},
pages = {177--187},
title = {{Modelling the dissolution of alumina powder in cryolite}},
url = {http://www.sciencedirect.com/science/article/pii/S0255270197000482},
volume = {37},
year = {1998}
}
